@article{klein2020molecular,
  title={Molecular dynamics simulations of the laser ablation of silicon with the thermal spike model},
  author={Klein, Dominic and Eisfeld, Eugen and Roth, Johannes},
  journal={Journal of Physics D: Applied Physics},
  volume={54},
  number={1},
  pages={015103},
  year={2020},
  publisher={IOP Publishing}
}
